<?xml version="1.0" encoding="UTF-8"?><collection xmlns="http://www.loc.gov/MARC21/slim"><record><leader>00495nam--2200169-i-4500</leader><controlfield tag="001">000011575</controlfield><controlfield tag="002">20161230</controlfield><controlfield tag="005">20161230201029</controlfield><controlfield tag="008">060222s1000------------r-----000-0-eng-d</controlfield><datafield ind1=" " ind2=" " tag="040"><subfield code="a">IFIN-HH</subfield></datafield><datafield ind1=" " ind2=" " tag="080"><subfield code="a">537.622.3(043)</subfield></datafield><datafield ind1="1" ind2=" " tag="100"><subfield code="a">Chung, Nak Sam</subfield></datafield><datafield ind1="1" ind2="0" tag="245"><subfield code="a">An endor study of paramagnetic fe+ centers in naf</subfield><subfield code="b">Dissertation</subfield><subfield code="c">Nak sam chung</subfield></datafield><datafield ind1=" " ind2=" " tag="260"><subfield code="a">Ann Arbor, Michigan</subfield><subfield code="b">University Microfilms</subfield><subfield code="c">1973</subfield></datafield><datafield ind1=" " ind2=" " tag="300"><subfield code="a">XII + 138 P</subfield></datafield><datafield ind1=" " ind2=" " tag="852"><subfield code="a">42774</subfield><subfield code="c">539.143.43</subfield></datafield><datafield ind1=" " ind2=" " tag="CAT"><subfield code="a">Sys</subfield><subfield code="c">20120509</subfield><subfield code="h">154730</subfield></datafield></record></collection>